@Manual{enyo,
  title = 	 {Documentation Enyo 2.0},
  author = 	 {Développeurs Enyo},
  organization = {HP},
  year = 	 {2012},
  note = {\url{http://enyojs.com/docs}}
}

@Manual{enyo1,
  title = 	 {Documentation Enyo 1.0},
  author = 	 {Développeurs Enyo},
  organization = {HP},
  year = 	 {2011},
  note = {\url{https://developer.palm.com/content/api/index.html}}
}

@Manual{jsofocaml,
  title = 	 {Js\_of\_ocaml},
  author = 	 {Ocsigen Team},
  organization = {Ocsigen},
  year = 	 {2010-2012},
  note = 	 {\url{http://ocsigen.org/js\_of\_ocaml/manual/}},
}

@PhdThesis{pwt,
  author = 	 {Benjamin Canou},
  title = 	 {Programmation Web Typée},
  school = 	 {Université Pierre et Marie Curie},
  year = 	 {2011},
  note =         {\url{www.pps.univ-paris-diderot.fr/~canou/these.pdf}}
}

@Book{DAOC,
  author = 	 {Emmanuel Chailloux and Pascal Manoury and Bruno Pagano},
  publisher = 	 {O'Reilly France},
  title = 	 {Développement d'Applications avec Objective Caml},
  year = 	 {2000},
  note =         {\url{http://www.pps.univ-paris-diderot.fr/Livres/ora/DA-OCAML/}}
}
